@inproceedings{fong11,
    author = {Fong, Philip and Siahaan, Ida},
    year = {2011},
    month = {01},
    pages = {51-60},
    title = {Relationship-based access control policies and their policy languages},
    journal = {Proceedings of ACM Symposium on Access Control Models and Technologies, SACMAT},
    crossref = {sacmat11},
    doi = {10.1145/1998441.1998450}
}

@proceedings{sacmat11,
    title = {SACMAT ’11: Proceedings of the 16th ACM Symposium on Access Control Models and Technologies},
    booktitle = {SACMAT ’11: Proceedings of the 16th ACM Symposium on Access Control Models and Technologies},
    year = {2011},
    isbn = {9781450306881},
    publisher = {Association for Computing Machinery},
    address = {New York, NY, USA},
    location = {Innsbruck, Austria}
}

@article{aktoudianakis13,
  title={Policy templates for relationship-based access control},
  author={Evangelos Aktoudianakis and Jason Crampton and Steve A. Schneider and Helen Treharne and Adrian Waller},
  journal={2013 Eleventh Annual Conference on Privacy, Security and Trust},
  year={2013},
  pages={221-228}
}

@article{morovat16,
  title={Policy Language for Access Control in Social Network Cloud},
  author={Katanosh Morovat and Brajendra Panda},
  journal={2016 IEEE International Conference on Smart Cloud (SmartCloud)},
  year={2016},
  pages={313-318}
}

@article{wordnetmiller,
    author = {Miller, George A.},
    title = {WordNet: A Lexical Database for English},
    year = {1995},
    publisher = {Association for Computing Machinery},
    address = {New York, NY, USA},
    volume = {38},
    number = {11},
    issn = {0001-0782},
    journal = {Commun. ACM},
    month = {11},
    pages = {39–41},
    numpages = {3}
}

@book{wordnetfellbaum,
  address = {Cambridge, MA},
  editor = {Fellbaum, Christiane},
  isbn = {978-0-262-06197-1},
  publisher = {MIT Press},
  series = {Language, Speech, and Communication},
  title = {WordNet: An Electronic Lexical Database},
  year = 1998
}

@article{damiani02,
  author = {Damiani, Ernesto and De Capitani di Vimercati, Sabrina and Paraboschi, Stefano and Samarati, Pierangela},
  title = {A Fine-Grained Access Control System for XML Documents},
  year = {2002},
  issue_date = {May 2002},
  publisher = {Association for Computing Machinery},
  address = {New York, NY, USA},
  volume = {5},
  number = {2},
  journal = {In ACM Transactions on Information and System Security (TISSEC)},
  pages = {169–202},
  numpages = {34},
}
